@string{ISCA     = "Proc. IEEE/ACM Symp. on Computer Architecture (ISCA)"}
@string{ASPLOS   = "Proc. ACM Conf. on Arch. Support for Prog. Lang. and Op. Sys. (ASPLOS)"}
@string{HPCA     = "Proc. IEEE Symp. on High-Perf. Computer Architecture (HPCA)"}
@string{MICRO    = "Proc. IEEE/ACM Symp. on Microarch. (MICRO)" }
@string{PLDI	 = "Proc. ACM Conf. on Programming Language Design and Implementation (PLDI)"}
@string{PACT     = "Proc. IEEE/ACM Conf. on Par. Arch. and Comp. Tech. (PACT)" }
@string{ISPASS   = "Proc. IEEE Symp. on Performance Analysis of Systems and Software (ISPASS)"}
@string{IISWC    = "Proc. IEEE Symp. on Workload Characterization (IISWC)"}
@string{CPE      = "Computer Performance Evaluation and Benchmarking Lecture Notes in Computer Science"}
@string{DATE	 = "Proc. IEEE/ACM Conf. on Design Automation and Test in Europe (DATE)"}
@string{ICCD     = "Proc. IEEE Conf. on Computer Design (ICCD)"}
@string{SPAA     = "Proc. ACM Symp. on Parallel Algorithms and Architectures (SPAA)"}
@string{TC       = "IEEE Trans. on Computers"}
@string{STOC     = "Proc. ACM Symp. on Theory of Computing (STOC)"}
@string{CGO      = "Proc. IEEE/ACM Symp. on Code Generation and Optimization (CGO)"}
@string{PPOPP    = "Proc. ACM Symp. on Prin. and Prac. of Par. Prog. (PPoPP)"}
@string{SIGGRAPH = "Proc. ACM Conf. on Comp. Grap. and Interactive Tech. (SIGGRAPH)"}
@string{IPDPS    = "Proc. IEEE Int'l Parallel and Distributed Processing Symp. (IPDPS)"}
@string{CASES	 = "Proc. ACM Int'l Conf. on Compilers, Architecture and Synthesis for Embedded Systems (CASES)"}
@string{ISLPED	 = "Proc. ACM/IEEE Int'l. Symp. Low Power Electronics and Design (ISLPED)"}
@string{DAC	 = "Proc. ACM/IEEE Design Automation Conference (DAC)"}
@string{JSSC     = "IEEE Journal of Solid-State Circuits"}
@string{POPL     = "Proc. ACM Symp. on Principles of Prog. Lang. (POPL)"}
@string{INTEL    = "http://software.intel.com/en-us/articles/pin-a-dynamic-binary-instrumentation-tool"}
@string{ISLPED   = "Proc. Int'l Symposium on Low Power Electronics and Design (ISLPED)"}
@string{DTIS     = "Proc. Conf. on Design & Technology of Integrated Systems in Nanoscale Era"}
@string{GLSVLSI  = "Proc. ACM Great Lakes Symp. on VLSI (GLVLSI)"}
@string{ICS      = "Proc. ACM Int'l Conf. on Supercomputing (ICS)"}

@IEEEtranBSTCTL{bstctl:etal,
  CTLuse_forced_etal = {no},
  CTLmax_names_forced_etal = {3},
}

@IEEEtranBSTCTL{bstctl:nodash,
  CTLdash_repeated_names = {no},
}

@IEEEtranBSTCTL{bstctl:simpurl,
  CTLname_url_prefix = {Available: },
}

@book{lamport94,
    author    = "Leslie Lamport",
    title     = "{\LaTeX: A Document Preparation System}",
    year      = "1994",
    publisher = "Addison-Wesley",
    edition = "2nd",
    address   = "Reading, Massachusetts"
}

@inproceedings{nicepaper,
  author = "Firstname1 Lastname1 and Firstname2 Lastname2",
  title = "{A Nice Paper To Cite}",
  booktitle = {International Symposium on Computer Architecture},
  year = {2000},
  month = {July},
  pages = {200-211},
}

@inproceedings{nicepaper2,
  author = "Firstname1 Lastname1 and Firstname2 Lastname2 and Firstname3 Lastname3 and Firstname4 Lastname4",
  title = "{A Second Nice Paper To Cite}",
  booktitle = {International Symposium on Computer Architecture},
  year = {2001},
  month = {May},
  pages = {12-22}
}

@inproceedings{ref:EV8,
	author = {Seznec, Andr{\'e} and Felix, Stephen and Krishnan, Venkata and Sazeides, Yiannakis},
	title = {{Design Tradeoffs for the Alpha EV8 Conditional Branch Predictor}},
	booktitle = ISCA,
	year = {2002},
	pages = {295--306},
} 

@article{superblock,
    title={The superblock: an effective technique for VLIW and superscalar compilation},
    author={Hwu, Wen-Mei W and Mahlke, Scott A and Chen, William Y and Chang, Pohua P and Warter, Nancy J and Bringmann, Roger A and Ouellette, Roland G and Hank, Richard E and Kiyohara, Tokuzo and Haab, Grant E and others},
    journal={the Journal of Supercomputing},
    volume={7},
    number={1-2},
    pages={229--248},
    year={1993},
    publisher={Springer}
}

@inproceedings{hyperblock,
    title={Effective compiler support for predicated execution using the hyperblock},
    author={Mahlke, Scott A and Lin, David C and Chen, William Y and Hank, Richard E and Bringmann, Roger A},
    booktitle={ACM SIGMICRO Newsletter},
    volume={23},
    number={1-2},
    pages={45--54},
    year={1992},
    organization={IEEE Computer Society Press}
}

@article{tomasulo,
    title={An efficient algorithm for exploiting multiple arithmetic units},
    author={Tomasulo, Robert M},
    journal={IBM Journal of research and Development},
    volume={11},
    number={1},
    pages={25--33},
    year={1967},
    publisher={IBM}
}
