@IEEEtranBSTCTL{bstctl:etal,
  CTLuse_forced_etal = {yes},
  CTLmax_names_forced_etal = {3},
}

@IEEEtranBSTCTL{bstctl:nodash,
  CTLdash_repeated_names = {no},
}

@IEEEtranBSTCTL{bstctl:simpurl,
  CTLname_url_prefix = {Available: },
}

@book{lamport94,
    author    = "Leslie Lamport",
    title     = "{\LaTeX: A Document Preparation System}",
    year      = "1994",
    publisher = "Addison-Wesley",
    edition = "2nd",
    address   = "Reading, Massachusetts"
}

@inproceedings{suganuma2001dynamic,
  title={A dynamic optimization framework for a Java just-in-time compiler},
  author={Suganuma, Toshio and Yasue, Toshiaki and Kawahito, Motohiro and
	Komatsu, Hideaki and Nakatani, Toshio},
  booktitle={ACM SIGPLAN Notices},
  volume={36},
  number={11},
  pages={180--195},
  year={2001},
  organization={ACM}
}

 program
instrumentation/profiling in JIT compilers is a solved problem.
